<record><leader>00000cas a22000007a 4500</leader><controlfield tag="001">4020625</controlfield><controlfield tag="008">780630d1977197uctudn ne      0    0eng d</controlfield><controlfield tag="009">163</controlfield><datafield ind1=" " ind2=" " tag="010"><subfield code="a">sn 92051364 </subfield></datafield><datafield ind1=" " ind2=" " tag="040"><subfield code="a">HRM</subfield><subfield code="b">eng</subfield><subfield code="c">HRM</subfield><subfield code="d">CNW</subfield><subfield code="d">OCLCQ</subfield></datafield><datafield ind1="1" ind2=" " tag="029"><subfield code="a">AU@</subfield><subfield code="b">000025899270</subfield></datafield><datafield ind1=" " ind2=" " tag="042"><subfield code="a">msc</subfield></datafield><datafield ind1=" " ind2=" " tag="090"><subfield code="a">AP2</subfield><subfield code="b">.H3</subfield></datafield><datafield ind1="0" ind2="4" tag="245"><subfield code="a">The Hartford tribune.</subfield></datafield><datafield ind1=" " ind2=" " tag="260"><subfield code="a">Farmington, CT :</subfield><subfield code="b">Butler Newspaper Group</subfield></datafield><datafield ind1=" " ind2=" " tag="300"><subfield code="a">v.</subfield></datafield><datafield ind1=" " ind2=" " tag="310"><subfield code="a">Daily (except Sat. and Sun.),</subfield><subfield code="b">Dec. 12, 1977-&lt;Jan. 3, 1978&gt;</subfield></datafield><datafield ind1=" " ind2=" " tag="321"><subfield code="a">Triweekly,</subfield><subfield code="b">&lt;Nov. 14&gt;-Dec. 9, 1977</subfield></datafield><datafield ind1="0" ind2=" " tag="362"><subfield code="a">Vol. 1, no. 1 (Aug. 24, 1977)- ; Vol. 1, no. 1 (Nov. 14, 1977)-</subfield></datafield><datafield ind1=" " ind2=" " tag="515"><subfield code="a">Vol 1, no. 1 (Aug. 24, 1977) preceded by introductory issue, Vol. 1, no. 1 (Dec. 13, 1976), based on surrogate of this issue.</subfield></datafield><datafield ind1=" " ind2=" " tag="515"><subfield code="a">Suspended after Aug. 24, 1977; resumed with Nov. 14, 1977 issue.</subfield></datafield><datafield ind1=" " ind2="4" tag="651"><subfield code="a">Hartford (Conn.)</subfield><subfield code="v">Newspapers.</subfield></datafield><datafield ind1=" " ind2=" " tag="752"><subfield code="a">United States</subfield><subfield code="b">Connecticut</subfield><subfield code="c">Hartford</subfield><subfield code="d">Hartford.</subfield></datafield></record>